@article{bone1992definitions,
  title={Definitions for sepsis and organ failure and guidelines for the use of innovative therapies in sepsis},
  author={Bone, Roger C and Balk, Robert A and Cerra, Frank B and Dellinger, R Phillip and Fein, Alan M and Knaus, William A and Schein, Roland MH and Sibbald, William J},
  journal={Chest},
  volume={101},
  number={6},
  pages={1644--1655},
  year={1992},
  publisher={Elsevier}
}

@article{lambden2019sofa,
  title={The SOFA scoreؤevelopment, utility and challenges of accurate assessment in clinical trials},
  author={Lambden, Simon and Laterre, Pierre Francois and Levy, Mitchell M and Francois, Bruno},
  journal={Critical Care},
  volume={23},
  pages={1--9},
  year={2019},
  publisher={Springer}
}

@article{desautels2016prediction,
  title={Prediction of sepsis in the intensive care unit with minimal electronic health record data: a machine learning approach},
  author={Desautels, Thomas and Calvert, Jacob and Hoffman, Jana and Jay, Melissa and Kerem, Yaniv and Shieh, Lisa and Shimabukuro, David and Chettipally, Uli and Feldman, Mitchell D and Barton, Chris and others},
  journal={JMIR medical informatics},
  volume={4},
  number={3},
  pages={e5909},
  year={2016},
  publisher={JMIR Publications Inc., Toronto, Canada}
}

@article{kam2017learning,
  title={Learning representations for the early detection of sepsis with deep neural networks},
  author={Kam, Hye Jin and Kim, Ha Young},
  journal={Computers in biology and medicine},
  volume={89},
  pages={248--255},
  year={2017},
  publisher={Elsevier}
}

@article{nemati2018interpretable,
  title={An interpretable machine learning model for accurate prediction of sepsis in the ICU},
  author={Nemati, Shamim and Holder, Andre and Razmi, Fereshteh and Stanley, Matthew D and Clifford, Gari D and Buchman, Timothy G},
  journal={Critical care medicine},
  volume={46},
  number={4},
  pages={547--553},
  year={2018},
  publisher={LWW}
}

@inproceedings{moor2019early,
  title={Early recognition of sepsis with Gaussian process temporal convolutional networks and dynamic time warping},
  author={Moor, Michael and Horn, Max and Rieck, Bastian and Roqueiro, Damian and Borgwardt, Karsten},
  booktitle={Machine learning for healthcare conference},
  pages={2--26},
  year={2019},
  organization={PMLR}
}

@article{scherpf2019predicting,
  title={Predicting sepsis with a recurrent neural network using the MIMIC III database},
  author={Scherpf, Matthieu and Gr{\"a}{\ss}er, Felix and Malberg, Hagen and Zaunseder, Sebastian},
  journal={Computers in biology and medicine},
  volume={113},
  pages={103395},
  year={2019},
  publisher={Elsevier}
}

@article{li2020real,
  title={Real-time sepsis severity prediction on knowledge graph deep learning networks for the intensive care unit},
  author={Li, Qing and Li, Lili and Zhong, Jiang and Huang, L Frank},
  journal={Journal of Visual Communication and Image Representation},
  volume={72},
  pages={102901},
  year={2020},
  publisher={Elsevier}
}

@article{shashikumar2021deepaise,
  title={DeepAISE--an interpretable and recurrent neural survival model for early prediction of sepsis},
  author={Shashikumar, Supreeth P and Josef, Christopher S and Sharma, Ashish and Nemati, Shamim},
  journal={Artificial intelligence in medicine},
  volume={113},
  pages={102036},
  year={2021},
  publisher={Elsevier}
}

@inproceedings{li2019convolutional,
  title={Convolutional and recurrent neural networks for early detection of sepsis using hourly physiological data from patients in intensive care unit},
  author={Li, Xin and Ng, G Andr{\'e} and Schlindwein, Fernando S},
  booktitle={2019 Computing in Cardiology (CinC)},
  pages={Page--1},
  year={2019},
  organization={IEEE}
}
@article{rafiei2021ssp,
  title={SSP: Early prediction of sepsis using fully connected LSTM-CNN model},
  author={Rafiei, Alireza and Rezaee, Alireza and Hajati, Farshid and Gheisari, Soheila and Golzan, Mojtaba},
  journal={Computers in biology and medicine},
  volume={128},
  pages={104110},
  year={2021},
  publisher={Elsevier}
}

@article{yang2020explainable,
  title={An explainable artificial intelligence predictor for early detection of sepsis},
  author={Yang, Meicheng and Liu, Chengyu and Wang, Xingyao and Li, Yuwen and Gao, Hongxiang and Liu, Xing and Li, Jianqing},
  journal={Critical care medicine},
  volume={48},
  number={11},
  pages={e1091--e1096},
  year={2020},
  publisher={LWW}
}
@article{lauritsen2020early,
  title={Early detection of sepsis utilizing deep learning on electronic health record event sequences},
  author={Lauritsen, Simon Meyer and Kal{\o}r, Mads Ellersgaard and Kongsgaard, Emil Lund and Lauritsen, Katrine Meyer and J{\o}rgensen, Marianne Johansson and Lange, Jeppe and Thiesson, Bo},
  journal={Artificial Intelligence in Medicine},
  volume={104},
  pages={101820},
  year={2020},
  publisher={Elsevier}
}

@article{khojandi2018prediction,
  title={Prediction of sepsis and in-hospital mortality using electronic health records},
  author={Khojandi, Anahita and Tansakul, Varisara and Li, Xueping and Koszalinski, Rebecca S and Paiva, William},
  journal={Methods of information in medicine},
  volume={57},
  number={04},
  pages={185--193},
  year={2018},
  publisher={Georg Thieme Verlag KG Stuttgart{\textperiodcentered} New York}
}

@article{bedoya2020machine,
  title={Machine learning for early detection of sepsis: an internal and temporal validation study},
  author={Bedoya, Armando D and Futoma, Joseph and Clement, Meredith E and Corey, Kristin and Brajer, Nathan and Lin, Anthony and Simons, Morgan G and Gao, Michael and Nichols, Marshall and Balu, Suresh and others},
  journal={JAMIA open},
  volume={3},
  number={2},
  pages={252--260},
  year={2020},
  publisher={Oxford University Press}
}

@article{kim2022early,
  title={Early prediction of sepsis onset using neural architecture search based on genetic algorithms},
  author={Kim, Jae Kwan and Ahn, Wonbin and Park, Sangin and Lee, Soo-Hong and Kim, Laehyun},
  journal={International journal of environmental research and public health},
  volume={19},
  number={4},
  pages={2349},
  year={2022},
  publisher={MDPI}
}

@article{tang2024time,
  title={A time series driven model for early sepsis prediction based on transformer module},
  author={Tang, Yan and Zhang, Yu and Li, Jiaxi},
  journal={BMC Medical Research Methodology},
  volume={24},
  number={1},
  pages={23},
  year={2024},
  publisher={Springer}
}

// Comparaison des scores PIRO, SOFA, MEDS
@article{dronamraju2022comparison,
  title={Comparison of PIRO, APACHE IV, and SOFA scores in predicting outcome in patients with sepsis admitted to intensive care unit: a two-year cross-sectional study at rural teaching hospital},
  author={Dronamraju, Sameera and Agrawal, Sachin and Kumar, Sunil and Acharya, Sourya and Gaidhane, Shilpa and Wanjari, Anil and Jaiswal, Praraj and Bawiskar, Nipun},
  journal={Indian Journal of Critical Care Medicine: Peer-reviewed, Official Publication of Indian Society of Critical Care Medicine},
  volume={26},
  number={10},
  pages={1099},
  year={2022},
  publisher={Indian Society of Critical Care Medicine}
}

@article{macdonald2014comparison,
  title={Comparison of PIRO, SOFA, and MEDS scores for predicting mortality in emergency department patients with severe sepsis and septic shock},
  author={Macdonald, Stephen PJ and Arendts, Glenn and Fatovich, Daniel M and Brown, Simon GA},
  journal={Academic Emergency Medicine},
  volume={21},
  number={11},
  pages={1257--1263},
  year={2014},
  publisher={Wiley Online Library}
}

// APACHE IV SCORE
@article{zangmo2023validating,
  title={Validating the APACHE IV score in predicting length of stay in the intensive care unit among patients with sepsis},
  author={Zangmo, Kinley and Khwannimit, Bodin},
  journal={Scientific Reports},
  volume={13},
  number={1},
  pages={5899},
  year={2023},
  publisher={Nature Publishing Group UK London}
}


@article{wa1981apache,
  title={APACHE: Acute physiology and chronic health evaluation: A physiological based classification system},
  author={WA, KNAUS},
  journal={Crit Care Med},
  volume={9},
  pages={571--579},
  year={1981}
}

@article{knaus1985apache,
  title={APACHE II: a severity of disease classification system},
  author={Knaus, William A and Draper, Elizabeth A and Wagner, Douglas P and Zimmerman, Jack E},
  journal={Critical care medicine},
  volume={13},
  number={10},
  pages={818--829},
  year={1985},
  publisher={LWW}
}

@article{knaus1991apache,
  title={The APACHE III prognostic system: risk prediction of hospital mortality for critically III hospitalized adults},
  author={Knaus, William A and Wagner, Douglas P and Draper, Elizabeth A and Zimmerman, Jack E and Bergner, Marilyn and Bastos, Paulo G and Sirio, Carl A and Murphy, Donald J and Lotring, Ted and Damiano, Anne and others},
  journal={Chest},
  volume={100},
  number={6},
  pages={1619--1636},
  year={1991},
  publisher={Elsevier}
}

@article{zimmerman2006acute,
  title={Acute Physiology and Chronic Health Evaluation (APACHE) IV: hospital mortality assessment for today’s critically ill patients},
  author={Zimmerman, Jack E and Kramer, Andrew A and McNair, Douglas S and Malila, Fern M},
  journal={Critical care medicine},
  volume={34},
  number={5},
  pages={1297--1310},
  year={2006},
  publisher={LWW}
}

@article{zimmerman2006intensive,
  title={Intensive care unit length of stay: Benchmarking based on Acute Physiology and Chronic Health Evaluation (APACHE) IV},
  author={Zimmerman, Jack E and Kramer, Andrew A and McNair, Douglas S and Malila, Fern M and Shaffer, Violet L},
  journal={Critical care medicine},
  volume={34},
  number={10},
  pages={2517--2529},
  year={2006},
  publisher={LWW}
}

@article{le1993new,
  title={A new simplified acute physiology score (SAPS II) based on a European/North American multicenter study},
  author={Le Gall, Jean-Roger and Lemeshow, Stanley and Saulnier, Fabienne},
  journal={Jama},
  volume={270},
  number={24},
  pages={2957--2963},
  year={1993},
  publisher={American Medical Association}
}

@article{bone1992definitions,
  title={Definitions for sepsis and organ failure and guidelines for the use of innovative therapies in sepsis},
  author={Bone, Roger C and Balk, Robert A and Cerra, Frank B and Dellinger, R Phillip and Fein, Alan M and Knaus, William A and Schein, Roland MH and Sibbald, William J},
  journal={Chest},
  volume={101},
  number={6},
  pages={1644--1655},
  year={1992},
  publisher={Elsevier}
}

@article{singer2016third,
  title={The third international consensus definitions for sepsis and septic shock (Sepsis-3)},
  author={Singer, Mervyn and Deutschman, Clifford S and Seymour, Christopher Warren and Shankar-Hari, Manu and Annane, Djillali and Bauer, Michael and Bellomo, Rinaldo and Bernard, Gordon R and Chiche, Jean-Daniel and Coopersmith, Craig M and others},
  journal={Jama},
  volume={315},
  number={8},
  pages={801--810},
  year={2016},
  publisher={American Medical Association}
}